<record><leader>00000cas a2200000Ma 4500</leader><controlfield tag="001">10815963</controlfield><controlfield tag="008">840607d18491850nhuwr ne      0    0eng d</controlfield><datafield ind1=" " ind2=" " tag="010"><subfield code="a">sn 84023323 </subfield></datafield><datafield ind1=" " ind2=" " tag="040"><subfield code="a">AQM</subfield><subfield code="b">eng</subfield><subfield code="c">AQM</subfield><subfield code="d">OCLCQ</subfield></datafield><datafield ind1="0" ind2=" " tag="130"><subfield code="a">Spirit of the times (Keene, N.H.)</subfield></datafield><datafield ind1="1" ind2="0" tag="245"><subfield code="a">Spirit of the times.</subfield></datafield><datafield ind1=" " ind2=" " tag="260"><subfield code="a">Keene, N.H. :</subfield><subfield code="b">Otis F.R. Waite</subfield></datafield><datafield ind1=" " ind2=" " tag="300"><subfield code="a">v. ;</subfield><subfield code="c">53 cm.</subfield></datafield><datafield ind1=" " ind2=" " tag="310"><subfield code="a">Weekly</subfield></datafield><datafield ind1="1" ind2=" " tag="362"><subfield code="a">Began with Jan. 4, 1849 issue.</subfield><subfield code="z">Cf. Amer. newspapers, 1821-1936.</subfield></datafield><datafield ind1="1" ind2=" " tag="362"><subfield code="a">Ceased in 1850.</subfield><subfield code="z">Cf. "Upper Ashuelot:" a hist. of Keene, N.H.</subfield></datafield><datafield ind1=" " ind2=" " tag="588"><subfield code="a">Description based on: Vol. 1, no. 14 (Apr. 5, 1849).</subfield></datafield><datafield ind1=" " ind2="7" tag="655"><subfield code="a">Newspapers.</subfield><subfield code="2">rbgenr</subfield></datafield><datafield ind1=" " ind2=" " tag="752"><subfield code="a">United States</subfield><subfield code="b">New Hampshire</subfield><subfield code="c">Cheshire</subfield><subfield code="d">Keene.</subfield></datafield><datafield ind1="0" ind2="0" tag="780"><subfield code="t">Philanthropist (Keene, N.H.)</subfield></datafield><datafield ind1="0" ind2="0" tag="785"><subfield code="t">American news</subfield><subfield code="w">(DLC)sn 84023316</subfield></datafield><datafield ind1="1" ind2=" " tag="029"><subfield code="a">AU@</subfield><subfield code="b">000025822483</subfield></datafield></record>